<?xml version="1.0" encoding="UTF-8"?><record xmlns="http://www.loc.gov/MARC21/slim" xmlns:cinclude="http://apache.org/cocoon/include/1.0" xmlns:zs="http://www.loc.gov/zing/srw/">
  <leader>00648nz  a2200205n  4500</leader>
  <controlfield tag="001">no2012024951</controlfield>
  <controlfield tag="003">DLC</controlfield>
  <controlfield tag="005">20120223075240.0</controlfield>
  <controlfield tag="008">120221n| acabbaaan          |a aaa     c</controlfield>
  <datafield tag="010" ind1=" " ind2=" ">
    <subfield code="a">no2012024951</subfield>
  </datafield>
  <datafield tag="035" ind1=" " ind2=" ">
    <subfield code="a">(OCoLC)oca09121527</subfield>
  </datafield>
  <datafield tag="040" ind1=" " ind2=" ">
    <subfield code="a">IArlh</subfield>
    <subfield code="b">eng</subfield>
    <subfield code="c">IArlh</subfield>
  </datafield>
  <datafield tag="100" ind1="1" ind2=" ">
    <subfield code="a">Marsico, Katie,</subfield>
    <subfield code="d">1980-</subfield>
    <subfield code="t">Day in the life.</subfield>
    <subfield code="p">Polar animals</subfield>
  </datafield>
  <datafield tag="400" ind1="1" ind2=" ">
    <subfield code="a">Marsico, Katie,</subfield>
    <subfield code="d">1980-</subfield>
    <subfield code="t">Polar animals</subfield>
  </datafield>
  <datafield tag="430" ind1=" " ind2="0">
    <subfield code="a">Day in the life.</subfield>
    <subfield code="p">Polar animals</subfield>
  </datafield>
  <datafield tag="643" ind1=" " ind2=" ">
    <subfield code="a">Chicago, Ill.</subfield>
    <subfield code="b">Heinemann Library</subfield>
  </datafield>
  <datafield tag="644" ind1=" " ind2=" ">
    <subfield code="a">f</subfield>
    <subfield code="5">IArlh</subfield>
  </datafield>
  <datafield tag="645" ind1=" " ind2=" ">
    <subfield code="a">t</subfield>
    <subfield code="5">DPCC</subfield>
    <subfield code="5">IArlh</subfield>
  </datafield>
  <datafield tag="646" ind1=" " ind2=" ">
    <subfield code="a">s</subfield>
    <subfield code="5">IArlh</subfield>
  </datafield>
  <datafield tag="670" ind1=" " ind2=" ">
    <subfield code="a">Polar bear, 2012:</subfield>
    <subfield code="b">t.p. (A day in the life: polar animals) spine (Polar animals)</subfield>
  </datafield>
</record>